@Misc{example,
  author = {Jean Martina and Rok Strni{\v s}a and Matej Urbas},
  title  = {{Cambridge Ph.D.~\LaTeX{} class file}},
  year   = 2008,
  month  = jul,
}

@article{WHOepi,
journal = {WHO},
keywords = {data,epidemiology [subject],health statistics,health systems [subject],statistics [subject],surveillance},
mendeley-groups = {Master},
publisher = {World Health Organization},
title = {{WHO - Epidemiology}},
url = {https://www.who.int/topics/epidemiology/en/},
year = {2014}
}
